@article{doe2024,
  author    = {Jane Doe and John Smith},
  title     = {A Neural Network Approach to Spatial Localization in Robotics},
  journal   = {Journal of Artificial Intelligence Research},
  year      = {2024},
  volume    = {58},
  number    = {3},
  pages     = {245--262},
  doi       = {10.1234/jair.2024.12345}
}

@inproceedings{lee2023,
  author    = {Michael Lee and Sara Torres},
  title     = {Visual Feature Clustering for Autonomous Navigation},
  booktitle = {Proceedings of the IEEE International Conference on Robotics and Automation (ICRA)},
  year      = {2023},
  pages     = {1120--1127},
  publisher = {IEEE},
  doi       = {10.1109/ICRA.2023.9998888}
}

@book{anderson2022,
  author    = {Paul Anderson},
  title     = {Introduction to Cognitive Robotics},
  publisher = {Springer},
  address   = {New York},
  year      = {2022},
  isbn      = {978-3-030-12345-6}
}

@misc{brown2025,
  author       = {Emma Brown},
  title        = {FAIRIS: A Framework for Artificial Intelligence and Robotic Integrated Systems},
  howpublished = {arXiv preprint arXiv:2501.12345},
  year         = {2025},
  note         = {Available at \url{https://arxiv.org/abs/2501.12345}}
}
